@book{Bonet2008,
Author = {Bonet, Javier and Wood, Richard D.},
ISBN = {0-521-83870-3},
Publisher = {Cambridge University Press},
Title = {Nonlinear continuum mechanics for finite element analysis},
Year = {2008},
Edition = {second}}

@misc{Ekh2016,
  author        = {Magnus Ekh},
  title         = {Lecture notes on Large elasto-plastic deformations},
  month         = {March},
  year          = {2016},
  publisher={Division of Material and Computational Mechanics, Chalmers University of Technology, Sweden}
}